% Encoding: windows-1252


@InProceedings{aavatsmark2007,
  Title                    = {Multipoint flux approximation methods for quadrilateral grids},
  Author                   = {Aavatsmark, Ivar},
  Booktitle                = {9th International forum on reservoir simulation, Abu Dhabi},
  Year                     = {2007},
  Pages                    = {9--13},

  Owner                    = {Bismarck},
  Timestamp                = {2016.06.17}
}

@Manual{abaqus2016,
  Title                    = {ABAQUS User's Guide and Manual},
  Author                   = {ABAQUS},
  Edition                  = {2016},
  Organization             = {Simulia},
  Year                     = {2016},

  Owner                    = {bismarck},
  Timestamp                = {2017.10.10}
}

@Book{anderson1989,
  Title                    = {Theory of the Earth},
  Author                   = {Anderson, D. L.},
  Publisher                = {Blackwell Scientific Publications},
  Year                     = {1989},

  ISBN                     = {9780865421233},
  Owner                    = {bismarck},
  Timestamp                = {2017.10.09}
}

@Article{biot1941,
  Title                    = {General Theory of Three-dimensional Consolidation},
  Author                   = {Biot, Maurice A},
  Journal                  = {Journal of Applied physics},
  Year                     = {1941},
  Number                   = {2},
  Pages                    = {155--164},
  Volume                   = {12},

  Publisher                = {AIP}
}

@Article{biot1957,
  Title                    = {The Elastic Coeffcients of the Theory of Consolidation},
  Author                   = {Biot, M. A. and Willis, D. G.},
  Journal                  = {Journal of Applied Mehanics},
  Year                     = {1957},
  Pages                    = {594--601},
  Volume                   = {24}
}

@Conference{edwards1998,
  Title                    = {Quasi K-Orthogonal Streamline Grids: GridGrid and Discretization},
  Author                   = {Edwards, M. G. and Elf, R. A. and Aziz, K.},
  Booktitle                = {Annual Technical Conference and Exhibition},
  Year                     = {1998},

  Owner                    = {Bismarck},
  Timestamp                = {2016.06.09}
}

@PhdThesis{righetto2016,
  Title                    = {Desenvolvimento e aplica\c{c}{\~a}o de um esquema de acoplamento termo-hidro-mec{\^a}nico-qu{\'i}mico iterativo visando o armazenamento geol{\'o}gico de C02},
  Author                   = {Guilherme Lima Righetto},
  School                   = {Pontif{\'i}cia Universidade Cat{\'o}lica do Rio de Janeiro},
  Year                     = {2016},

  Owner                    = {bismarck},
  Timestamp                = {2017.10.10}
}

@MastersThesis{souzajr2015,
  author    = {Bismarck Gomes Souza{ }J{\'u}nior},
  title     = {Modelagem e Simula\c{c}{\~a}o do Escoamento Mutif{\'a}sico Transiente Composicional com Transfer{\^e}ncia de Calor em Po\c{c}os Verticais},
  school    = {Universidade Estadual do Norte Fluminense Darcy Ribeiro},
  year      = {2015},
  owner     = {bismarck},
  timestamp = {2017.10.09},
}

@Book{terzaghi1943,
  Title                    = {Theoretical Soil Mechanics},
  Author                   = {Karl Terzaghi},
  Publisher                = {Wiley},
  Year                     = {1943},

  Owner                    = {bismarck},
  Timestamp                = {2017.06.23}
}

@Book{zienkiewicz1999,
  Title                    = {Computational Geomechanics with Special Reference to Earthquake Engineering},
  Author                   = {Zienkiewicz, Olgierd C. and Chan, A. H. C. and Pastor, M. and Schrefler, B. A. and Shiomi, T.},
  Publisher                = {Wiley Chichester},
  Year                     = {1999}
}

@Comment{jabref-meta: databaseType:bibtex;}
